https://github.com/ethereum/wiki/wiki/White-Paper

@online{identityMgmt2003,
 title = {Introduction to Identity Mangement },
 author= {Spencer C. Lee},
 year=2003,
 url = {https://www.sans.org/reading-room/whitepapers/authentication/introduction-identity-management-852},
 urldate={14-09-2017}
}

@online{blockchain-id-mgmt2017,
title={Blockchain for Identity Management},
author={Elena Mesropyan},
year={13-2-2017},
url = {https://letstalkpayments.com/22-companies-leveraging-blockchain-for-identity-management-and-authentication/},
urldate={20-09-2017}
}

@inproceedings{gondor2016distributed,
  title={Distributed and Domain-Independent Identity Management for User Profiles in the SONIC Online Social Network Federation},
  author={G{\"o}nd{\"o}r, Sebastian and Beierle, Felix and Sharhan, Senan and K{\"u}pper, Axel},
  booktitle={International Conference on Computational Social Networks},
  pages={226--238},
  year={2016},
  organization={Springer International Publishing}
}

@inproceedings{gondor2014sonic,
  title={SONIC: Towards seamless interaction in heterogeneous distributed OSN ecosystems},
  author={G{\"o}nd{\"o}r, Sebastian and Hebbo, Hussam},
  booktitle={Wireless and Mobile Computing, Networking and Communications (WiMob), 2014 IEEE 10th International Conference on},
  pages={407--412},
  year={2014},
  organization={IEEE}
}

@misc{nakamoto2008bitcoin,
  title={Bitcoin: A peer-to-peer electronic cash system},
  author={Nakamoto, Satoshi},
  year={2008}
}

@online{sweden2017,
  author = {Joon Ian Wong},
  title={Swedenâ€™s blockchain-powered land registry is inching towards realityprovi},
  year = 2017,
  url = {https://qz.com/947064/sweden-is-turning-a-blockchain-powered- land-registry-into-a-reality/},
  urldate = {20-09-2017}
}

@online{wood2014ethereum,
  author = {Wood, Gavin},
  title={A Next-Generation Smart Contract and Decentralized Application Platform},
  year = 2014,
  url = {https://github.com/ethereum/wiki/wiki/White-Paper},
  urldate = {20-09-2017}
}

@online{icebox,
  title={Icebox: lightwallet-powered cold storage solution},
  year = 2017,
  url = {https://github.com/ConsenSys/icebox},
  urldate = {26-09-2017}
}

@online{light-wallet,
  title={Lightwallet: lightweight JS Wallet for Node and the browser},
  year = 2017,
  url = {https://github.com/ConsenSys/eth-lightwallet},
  urldate = {26-09-2017}
}
