https://github.com/ethereum/wiki/wiki/White-Paper

@online{wood2014ethereum,
  author = {Wood, Gavin},
  title={A Next-Generation Smart Contract and Decentralized Application Platform},
  year = 2014,
  url = {https://github.com/ethereum/wiki/wiki/White-Paper},
  urldate = {2017-09-20}
}

@online{sweden2017,
  author = {Joon Ian Wong},
  title={Swedenâ€™s blockchain-powered land registry is inching towards realityprovi},
  year = 2017,
  url = {https://qz.com/947064/sweden-is-turning-a-blockchain-powered- land-registry-into-a-reality/},
  urldate = {2017-09-20}
}